@misc{cite1,
      title={Input Length Matters: Improving RNN-T and MWER Training for Long-form Telephony Speech Recognition}, 
      author={Zhiyun Lu and Yanwei Pan and Thibault Doutre and Parisa Haghani and Liangliang Cao and Rohit Prabhavalkar and Chao Zhang and Trevor Strohman},
      year={2022},
      eprint={2110.03841},
      archivePrefix={arXiv},
      primaryClass={eess.AS}
}

@inproceedings{cite2,
title	= {Disordered Speech Data Collection: Lessons Learned at 1 Million Utterances from Project Euphonia},
author= {Bob MacDonald and Pan-Pan Jiang and Julie Cattiau and Rus Heywood and Richard Cave and Katie Seaver and Marilyn Ladewig and Jimmy Tobin and Michael Brenner and Philip Q Nelson and Jordan R. Green and Katrin Tomanek},
year	= {2021}
}

@misc{cite3,
      title={Streaming End-to-end Speech Recognition For Mobile Devices}, 
      author={Yanzhang He and Tara N. Sainath and Rohit Prabhavalkar and Ian McGraw and Raziel Alvarez and Ding Zhao and David Rybach and Anjuli Kannan and Yonghui Wu and Ruoming Pang and Qiao Liang and Deepti Bhatia and Yuan Shangguan and Bo Li and Golan Pundak and Khe Chai Sim and Tom Bagby and Shuo-yiin Chang and Kanishka Rao and Alexander Gruenstein},
      year={2018},
      eprint={1811.06621},
      archivePrefix={arXiv},
      primaryClass={cs.CL}
}

@misc{cite4,
      title={PyTorch Distributed: Experiences on Accelerating Data Parallel Training}, 
      author={Shen Li and Yanli Zhao and Rohan Varma and Omkar Salpekar and Pieter Noordhuis and Teng Li and Adam Paszke and Jeff Smith and Brian Vaughan and Pritam Damania and Soumith Chintala},
      year={2020},
      eprint={2006.15704},
      archivePrefix={arXiv},
      primaryClass={cs.DC}
}

@misc{cite5,
      title={Conformer: Convolution-augmented Transformer for Speech Recognition}, 
      author={Anmol Gulati and James Qin and Chung-Cheng Chiu and Niki Parmar and Yu Zhang and Jiahui Yu and Wei Han and Shibo Wang and Zhengdong Zhang and Yonghui Wu and Ruoming Pang},
      year={2020},
      eprint={2005.08100},
      archivePrefix={arXiv},
      primaryClass={eess.AS}
}

@misc{cite6,
      title={A Comprehensive Survey on Transfer Learning}, 
      author={Fuzhen Zhuang and Zhiyuan Qi and Keyu Duan and Dongbo Xi and Yongchun Zhu and Hengshu Zhu and Hui Xiong and Qing He},
      year={2020},
      eprint={1911.02685},
      archivePrefix={arXiv},
      primaryClass={cs.LG}
}

@misc{cite7,
      title={Dropping Networks for Transfer Learning}, 
      author={James O' Neill and Danushka Bollegala},
      year={2018},
      eprint={1804.08501},
      archivePrefix={arXiv},
      primaryClass={stat.ML}
}